<?xml version="1.0" encoding="UTF-8"?><collection xmlns="http://www.loc.gov/MARC21/slim"><record><leader>00377nam--2200145-i-4500</leader><controlfield tag="001">000003039</controlfield><controlfield tag="002">20161230</controlfield><controlfield tag="005">20170222181416</controlfield><controlfield tag="008">060222s1000------------r-----000-0-eng-d</controlfield><datafield ind1=" " ind2=" " tag="100"><subfield code="a">Broglie, Louis De</subfield></datafield><datafield ind1=" " ind2=" " tag="245"><subfield code="a">Nouvelles perspectives en microphysique</subfield></datafield><datafield ind1=" " ind2=" " tag="260"><subfield code="a">Paris</subfield><subfield code="b">A Michel</subfield><subfield code="c">[1956]</subfield></datafield><datafield ind1=" " ind2=" " tag="300"><subfield code="a">356 p</subfield></datafield><datafield ind1=" " ind2=" " tag="490"><subfield code="a">Science D Aujourd Hui</subfield></datafield><datafield ind1=" " ind2=" " tag="CAT"><subfield code="a">SYS</subfield><subfield code="c">20170222</subfield><subfield code="h">181416</subfield></datafield></record></collection>